@inproceedings{kumar2016edge,
  title={Edge weight prediction in weighted signed networks},
  author={Kumar, Srijan and Spezzano, Francesca and Subrahmanian, VS and Faloutsos, Christos},
  booktitle={Data Mining (ICDM), 2016 IEEE 16th International Conference on},
  pages={221--230},
  year={2016},
  organization={IEEE}
}

@inproceedings{kumar2018rev2,
  title={Rev2: Fraudulent user prediction in rating platforms},
  author={Kumar, Srijan and Hooi, Bryan and Makhija, Disha and Kumar, Mohit and Faloutsos, Christos and Subrahmanian, VS},
  booktitle={Proceedings of the Eleventh ACM International Conference on Web Search and Data Mining},
  pages={333--341},
  year={2018},
  organization={ACM}
}

@inproceedings{jleskovec2009community,
  title={Community Structure in Large Networks: Natural Cluster Sizes and the Absence of Large Well-Defined Clusters},
  author={J. Leskovec, Jure and Lang, Kevin and Dasgupta, Anirban and Mahoney, Michael},
  booktitle={Internet Mathematics},
  volume={6},
  number={1},
  pages={29--123},
  year={2009},
}

@inproceedings{klimmt2004introducing,
  title={Introducing the Enron corpus},
  author={Klimmt, Benjamin and Yang, Yiming},
  booktitle={CEAS conference},
  year={2004}
}

@inproceedings{yang2012defining,
  title={Defining and Evaluating Network Communities based on Ground-truth},
  author={Yang, Jaewon and Leskovec, Jure},
  booktitle={ICDM},
  year={2012},
}

@inproceedings{leskovec2005graphs,
  title={Graphs over Time: Densification Laws, Shrinking Diameters and Possible Explanations},
  author={Leskovec, Jure and Kleinberg, Jon and Faloutsos, Christos},
  booktitle={ACM SIGKDD International Conference on Knowledge Discovery and Data Mining (KDD)},
  year={2005},
}
